@book {rasmussen2006,
    title = "Gaussian Processes for Machine Learning",
    author = "Rasmussen, Carl Edward and K.I. Williams, Christopher",
    year = 2006,
    isbn = "0-262-18253-X",
    url = "http://www.gaussianprocess.org/gpml/"
}

@book{knoll2000,
  title={Radiation detection and measurement},
  author={Knoll, Glenn F.},
  year={2010},
  publisher={John Wiley \& Sons},
  edition = "Third edition",
  isbn = "0-471-07338-5",
}

@book{ferrante2015,
  title={Elaborazione dei segnali per la fisica},
  author={Ferrante, Isidoro},
  year={2015},
  publisher={Pisa University Press},
  isbn = "978-88-6741-548-9",
}
